@article{McGovernJalabadze2017,
  author    = {McGovern, Patrick and Jalabadze, Mindia and Batiuk, Stephen and Callahan, Michael P. and Smith, Karen E. and Hall, Gretchen R. and Kvavadze, Eliso and Maghradze, David and Rusishvili, Nana and Bouby, Laurent and Failla, Osvaldo and Cola, Gabriele and Mariani, Luigi and Boaretto, Elisabetta and Bacilieri, Roberto and This, Patrice and Wales, Nathan and Lordkipanidze, David},
  title     = {Early Neolithic wine of Georgia in the South Caucasus},
  volume    = {114},
  number    = {48},
  pages     = {E10309--E10318},
  year      = {2017},
  doi       = {10.1073/pnas.1714728114},
  publisher = {National Academy of Sciences},
  issn      = {0027-8424},
  url       = {https://www.pnas.org/content/114/48/E10309},
  journal   = {Proceedings of the National Academy of Sciences}
}
@article{Spence2020,
  author  = {Spence, Charles},
  title   = {Wine psychology: basic \& applied},
  journal = {Cogn Res Princ Implic},
  year    = {2020},
  volume  = {5},
  number  = {1},
  pages   = {22},
  month   = {05},
  url     = {https://pubmed.ncbi.nlm.nih.gov/32405880/}
}

@online{WineMag,
  title    = {Our Buying Guide And Blind Tasting Process},
  url      = {https://www.winemag.com/our-buying-guide-and-blind-tasting-process/},
  addendum = {(accessed: 26.03.2021)}
}

@online{Statista,
  title    = {Leading countries in wine production worldwide 2019},
  url      = {https://www.statista.com/statistics/240638/wine-production-in-selected-countries-and-regions/},
  addendum = {(accessed: 12.04.2021)}
}


@article{SchmidtSkvortsova2017,
  author  = {Schmidt, Liane and Skvortsova, Vasilisa and Kullen, Claus and Weber, Bernd and Plassmann, Hilke},
  title   = {How context alters value: The brain's valuation and affective regulation system link price cues to experienced taste pleasantness},
  journal = {Scientific Reports},
  year    = {2017},
  month   = {Aug},
  day     = {14},
  volume  = {7},
  number  = {1},
  pages   = {8098},
  issn    = {2045-2322},
  doi     = {10.1038/s41598-017-08080-0},
  url     = {https://doi.org/10.1038/s41598-017-08080-0}
}

@book{Tufte,
  author    = {Tufte, Edward R.},
  title     = {The Visual Display of Quantitative Information},
  year      = {1986},
  isbn      = {096139210X},
  publisher = {Graphics Press},
  address   = {USA}
}

@online{OIV,
  title    = {Statistics},
  author   = {International Organisation of Vine and Wine},
  url      = {https://www.oiv.int/en/statistiques/recherche},
  addendum = {(accessed: 18.04.2021)}
}

@online{WorldBank,
  title    = {Population},
  author   = {The World Bank},
  url      = {https://data.worldbank.org/indicator/SP.POP.TOTL},
  addendum = {(accessed: 18.04.2021)}
}

@article{Mackinlay,
  author     = {Mackinlay, Jock},
  title      = {Automating the Design of Graphical Presentations of Relational Information},
  year       = {1986},
  issue_date = {April 1986},
  publisher  = {Association for Computing Machinery},
  address    = {New York, NY, USA},
  volume     = {5},
  number     = {2},
  issn       = {0730-0301},
  url        = {https://doi.org/10.1145/22949.22950},
  doi        = {10.1145/22949.22950},
  journal    = {ACM Trans. Graph.},
  month      = apr,
  pages      = {110â€“141},
  numpages   = {32}
}
